@article{igeta2018,
	title={Power and sample size calculation incorporating misspecifications
	of the variance function in comparative clinical trials with
		over-dispersed count data},
	author={Igeta, Masataka and Takahashi, Kunihiko and Matsui, Shigeyuki},
	journal={Biometrics},
	year={2018},
	doi={10.111/biom.12878}
}
